<?xml version="1.0" encoding="UTF-8"?><collection><record><leader>06044ntm a2200565 a 4500</leader><controlfield tag="001">006305633</controlfield><controlfield tag="003">MiAaHDL</controlfield><controlfield tag="005">20190719000000.0</controlfield><controlfield tag="006">m        d        </controlfield><controlfield tag="007">cr bn ---auaua</controlfield><controlfield tag="008">090417s1661    xx            00| ||ara d</controlfield><datafield tag="035" ind1=" " ind2=" "><subfield code="a">(MiU)006305633</subfield></datafield><datafield tag="035" ind1=" " ind2=" "><subfield code="a">sdr-miu006305633</subfield></datafield><datafield tag="040" ind1=" " ind2=" "><subfield code="a">MiU</subfield><subfield code="c">MiU</subfield><subfield code="e">amremm</subfield></datafield><datafield tag="043" ind1=" " ind2=" "><subfield code="a">n-us-mi</subfield></datafield><datafield tag="100" ind1="1" ind2=" "><subfield code="6">880-01</subfield><subfield code="a">Quhustānī, Muḥammad,</subfield><subfield code="d">-approximately 1546.</subfield></datafield><datafield tag="245" ind1="1" ind2="0"><subfield code="6">880-03</subfield><subfield code="a">Jāmiʻ al-rumūz sharḥ Mukhtaṣar al-Wiqāyah,</subfield><subfield code="f">[1071, i.e. 1661].</subfield></datafield><datafield tag="246" ind1="3" ind2="8"><subfield code="a">قهستانى</subfield></datafield><datafield tag="260" ind1=" " ind2=" "><subfield code="c">[1661]</subfield></datafield><datafield tag="300" ind1=" " ind2=" "><subfield code="a">223 leaves :</subfield><subfield code="b">paper ;</subfield><subfield code="c">295 x 212 (219 x 127) mm</subfield></datafield><datafield tag="500" ind1=" " ind2=" "><subfield code="a">Shelfmark: Ann Arbor, University of Michigan, Special Collections Library, Isl. Ms. 85</subfield></datafield><datafield tag="500" ind1=" " ind2=" "><subfield code="a">Origin: As appears in colophon on p.443, copied by Ibrāhīm ibn Muṣṭafá ibn [?]. Transcription finished latter Shawwāl 1071 [June 1661].</subfield></datafield><datafield tag="500" ind1=" " ind2=" "><subfield code="a">Accompanying materials: Portion of a leaf from another manuscript (paginated pp.367-368).</subfield></datafield><datafield tag="500" ind1=" " ind2=" "><subfield code="a">Former shelfmark: British Museum, London "No. 55. Jami al-rumuz."</subfield></datafield><datafield tag="500" ind1=" " ind2=" "><subfield code="a">Binding: Pasteboards covered in combed marbled paper (blue, pink, salmon, yellow, etc.) with spine and edges/turn-ins in red-brown leather ; Type III binding (without flap) ; board linings in laid paper ; sewn in light brown thread, two stations ; in very poor condition with much abrasion, water and pest damage, lifting and losses of leather, delamination and losses of boards, etc. ; housed in box for protection.</subfield></datafield><datafield tag="500" ind1=" " ind2=" "><subfield code="a">Support: European laid paper with 7 laid lines per cm. (horizontal) and chain lines spaced 26-27 mm. (vertical) ; crown-star-crescent watermark (compare Heawood 1132) ; well-burnished ; much staining, some losses.</subfield></datafield><datafield tag="500" ind1=" " ind2=" "><subfield code="a">Decoration: Keywords and section headings rubricated ; some overlining and textual dividers in the form of inverted commas in red.</subfield></datafield><datafield tag="500" ind1=" " ind2=" "><subfield code="a">Script: Naskh ; small Turkish or Persian hand ; occasional right-sloping head serif on alif, lām, etc. ; slight effect of tilt to the left ; kāf mashkūlah (mashqūqah) preferred ; mainly closed counters ; occasional effect of words descending to baseline.</subfield></datafield><datafield tag="500" ind1=" " ind2=" "><subfield code="a">Layout: Written in 27 lines per page ; frame-ruled (impression of ruling board evident).</subfield></datafield><datafield tag="500" ind1=" " ind2=" "><subfield code="a">Collation: VI+1 (13), 9 V(103), 2 IV (119), 10 V(219), II (223) ; chiefly quinions ; catchwords present ; foliation in black ink, Hindu-Arabic numerals (begins with ۱ on 'title page' (p.15) ; pagination in pencil, Western numerals, supplied during digitization (includes inserts).</subfield></datafield><datafield tag="500" ind1=" " ind2=" "><subfield code="a">Colophon: "Scribal," triangular, reads: "على يد العبد الفقير المعترف بالعجز والتقصير افقر الخليقة ابراهيم بن مصطفى بن [...؟] اواخر شوال سنة احدى وسبعين والف من الهجرة النبوية على مهاجرها افضل الصلوة واتم التسليم ... امين"</subfield></datafield><datafield tag="500" ind1=" " ind2=" "><subfield code="a">Explicit: "فانه فكر مسائل الاخرين والمعتقل والغنم المذبوحة في اخر الكتاب ثم نبه على ما اختاره مما هو المعول عليه في الباب فهذا اوان فراغي ... فانك اكرم الاكرمين وارحم الراحمين والحمد لله رب العالمين"</subfield></datafield><datafield tag="500" ind1=" " ind2=" "><subfield code="a">Incipit: "الحمد لله الذي فضلنا بتعليم اصول مبسوط الجامع الكبير من الاحكام ... اما بعد فلما كان نظم منشور الفتاوى في انفع الامهات وجمع النوازل من اهم المهمات قام بذلك حلال المشكلات ذو التنقيح والتوضيح للمبهمات ... ثم وقفت لسواد جامع الرموز في ستين ونصف من الاعوام ..."</subfield></datafield><datafield tag="500" ind1=" " ind2=" "><subfield code="a">Title from inscription accompanying table of contents on added leaf (p.1).</subfield></datafield><datafield tag="500" ind1=" " ind2=" "><subfield code="a">Ms. codex.</subfield></datafield><datafield tag="510" ind1="4" ind2=" "><subfield code="a">Brockelmann, C. GAL,</subfield><subfield code="c">I, 378</subfield></datafield><datafield tag="520" ind1="8" ind2=" "><subfield code="a">Fine copy of the commentary on the Nuqāyah of Ṣadr al-Sharīʻah al-Aṣghar ʻUbayd Allāh ibn Masʻūd al-Maḥbūbī, an abridgment of the work of his grandfather Burhān al-Sharīʻah Maḥmūd ibn Ṣadr al-Sharīʻah al-Awwal's treatise on Ḥanafī law entitled Wiqāyat al-riwāyah.</subfield></datafield><datafield tag="538" ind1=" " ind2=" "><subfield code="a">Mode of access: Internet.</subfield></datafield><datafield tag="541" ind1=" " ind2=" "><subfield code="c">Purchase ;</subfield><subfield code="a">Acquired by purchase along with Abdul Hamid Collection (funds donated by Horace Rackham).</subfield><subfield code="d">1924.</subfield></datafield><datafield tag="546" ind1=" " ind2=" "><subfield code="a">Arabic.</subfield></datafield><datafield tag="561" ind1=" " ind2=" "><subfield code="a">Bookplate of British Museum, London on interior of upper cover, "British Museum, London. No. 55. Jami al-rumuz." ; circular seal impression with figure of goat/gazelle in purple ink as well as purple penciled inscription "87" in Western numerals on fol.2a (p.3) ; on blue-tinted paper pasted on ’title page’ (p.5), a detailed waqf statement in the name of al-Sayyid ʻAbd Allāh Adīb (Abdullah Edip), known as Jannatʹzādah (Cennet-zade), qāḍī of Erzurum, accompanied by his seal, reads: "وقفت وقفا صحيحا شرعيا بشرط ان لا يخرج من بيت الكتب الذي بنيته في اتصال داري الا لعلماء نفس ارضروم بكفيل اورهن قوي وانا الفقير السيد عبد الله اديب الشهير بجنت زاده القاضي بمدينة ارضروم في سنة اثنى وستين ومائتين والف" ; occasional marginal corrections, glosses and notabilia (some rubricated).</subfield></datafield><datafield tag="600" ind1="1" ind2="0"><subfield code="a">Maḥbūbī, ʻUbayd Allāh ibn Masʻūd,</subfield><subfield code="d">-1346 or 1347.</subfield><subfield code="t">Nuqāyah.</subfield></datafield><datafield tag="650" ind1=" " ind2="0"><subfield code="a">Manuscripts, Arabic</subfield><subfield code="z">Michigan</subfield><subfield code="z">Ann Arbor.</subfield></datafield><datafield tag="650" ind1=" " ind2="0"><subfield code="a">Hanafites</subfield><subfield code="v">Early works to 1800.</subfield></datafield><datafield tag="650" ind1=" " ind2="0"><subfield code="a">Islamic law</subfield><subfield code="v">Early works to 1800.</subfield></datafield><datafield tag="700" ind1="0" ind2=" "><subfield code="6">880-05</subfield><subfield code="a">Ibrāhīm ibn Muṣṭafá,</subfield><subfield code="d">fl.1661,</subfield><subfield code="e">scribe.</subfield></datafield><datafield tag="773" ind1="0" ind2=" "><subfield code="a">Tiflis Collection.</subfield></datafield><datafield tag="880" ind1="0" ind2=" "><subfield code="6">700-05/</subfield><subfield code="a">ابراهيم بن مصطفى،</subfield><subfield code="e">ناسخ.</subfield></datafield><datafield tag="880" ind1="1" ind2="0"><subfield code="6">245-03/</subfield><subfield code="a">جامع الرموز شرح مختصر الوقاية,</subfield><subfield code="f">[1071ه، 1661م].</subfield></datafield><datafield tag="880" ind1="1" ind2=" "><subfield code="6">100-01/</subfield><subfield code="a">قهستاني، محمد.</subfield></datafield><datafield tag="CID" ind1=" " ind2=" "><subfield code="a">006305633</subfield></datafield><datafield tag="DAT" ind1="0" ind2=" "><subfield code="a">20190719102634.0</subfield><subfield code="b">20190719000000.0</subfield></datafield><datafield tag="DAT" ind1="1" ind2=" "><subfield code="a">20190719090653.0</subfield><subfield code="b">2019-07-19T16:11:16Z</subfield></datafield><datafield tag="DAT" ind1="2" ind2=" "><subfield code="a">2015-10-10T18:00:06Z</subfield></datafield><datafield tag="CAT" ind1=" " ind2=" "><subfield code="a">SDR-MIU</subfield><subfield code="d">EX LIBRIS - ALEPH</subfield><subfield code="l">prepare.pl-004-008</subfield></datafield><datafield tag="FMT" ind1=" " ind2=" "><subfield code="a">BK</subfield></datafield><datafield tag="HOL" ind1=" " ind2=" "><subfield code="0">sdr-miu006305633</subfield><subfield code="a">MiU</subfield><subfield code="b">SDR</subfield><subfield code="c">MIU</subfield><subfield code="p">mdp.39015079124841</subfield><subfield code="s">MIU</subfield><subfield code="1">006305633</subfield></datafield><datafield tag="974" ind1=" " ind2=" "><subfield code="b">MIU</subfield><subfield code="c">MIU</subfield><subfield code="d">20190719</subfield><subfield code="s">lit-dlps-dc</subfield><subfield code="u">mdp.39015079124841</subfield><subfield code="y">1661</subfield><subfield code="r">pd</subfield><subfield code="q">bib</subfield><subfield code="t">non-US bib date1 &lt; 1879</subfield></datafield></record></collection>